@article{li2020fully,
  title={Fully automatic wound segmentation using MobileNetV2 and connected component labelling},
  author={Li, Yifan and Zhang, Yuhang and Wang, Xinyu and Li, Xiaoying and Liu, Hongbin},
  journal={Scientific reports},
  volume={10},
  number={1},
  pages={1--11},
  year={2020},
  publisher={Nature Publishing Group}
}
@article{liu2021computational,
  title={Computational methodologies behind wound measurement and diagnosis with the latest AI technologies},
  author={Liu, Yifan and Li, Xiang and Zhang, Yudong and Wang, Xiaoying},
  journal={IEEE Access},
  volume={9},
  pages={40106--40120},
  year={2021},
  publisher={IEEE}
}
@article{prakash2023end,
  title={An end-end deep learning framework for lesion segmentation on multi-contrast MR images—an exploratory study in a rat model of traumatic brain injury},
  author={Prakash, Bhanu K N and Arvind, CS and Mohammed, Abdalla and Chitta, Krishna Kanth and To, Xuan Vinh and Srour, Hussein and Nasrallah, Fatima},
  journal={Medical \& Biological Engineering \& Computing},
  pages={1--13},
  year={2023},
  publisher={Springer},
  doi={10.1007/s11517-022-02752-4}
}
@article{peng2020wsnet,
  title={WSNet: A Wound Segmentation Network for Chronic Wound Assessment},
  author={Peng, Yifan and Zhang, Xiaoyun and Ji, Xiangyang},
  journal={IEEE Transactions on Medical Imaging},
  volume={39},
  number={7},
  pages={2284--2295},
  year={2020},
  publisher={IEEE},
  doi = {10.1109/TMI.2020.2977586}
}
@article{silva2021avaliacao,
  title={Avaliação de técnicas de redes neurais profundas para segmentação de feridas malignas cutâneas em imagens},
  author={Silva, Lucas and Oliveira, Luiz and Silva, João and Santos, Rafael},
  journal={Revista Brasileira de Engenharia Biomédica},
  volume={37},
  number={2},
  pages={123--132},
  year={2021}
}

@inproceedings{he2017mask,
  title={Mask r-cnn},
  author={He, Kaiming and Gkioxari, Georgia and Doll{\'a}r, Piotr and Girshick, Ross},
  booktitle={Proceedings of the IEEE international conference on computer vision},
  pages={2961--2969},
  year={2017}
}

@article{proksch2008,
  title={The skin: an indispensable barrier},
  author={Proksch, E. and Brandner, J.M. and Jensen, J.M.},
  journal={Experimental Dermatology},
  volume={17},
  number={12},
  pages={1063--1072},
  year={2008}
}

@article{sen2019,
  title={Human skin wounds: a major and snowballing threat to public health and the economy},
  author={Sen, C.K. and Gordillo, G.M. and Roy, S. and Kirsner, R. and Lambert, L. and Hunt, T.K. and Longaker, M.T.},
  journal={Wound Repair and Regeneration},
  volume={17},
  number={6},
  pages={763--771},
  year={2009}
}

@article{jarbrink2017,
  title={The humanistic and economic burden of chronic wounds: a protocol for a systematic review},
  author={Järbrink, K. and Ni, G. and Sönnergren, H. and Schmidtchen, A. and Pang, C. and Bajpai, R. and Car, J.},
  journal={Systematic reviews},
  volume={6},
  number={1},
  pages={1--7},
  year={2017}
}

@article{edmonds2016,
  title={Sucrose octasulfate dressing versus control dressing in patients with neuroischaemic diabetic foot ulcers (Explorer): an international, multicentre, double-blind, randomised, controlled trial},
  author={Edmonds, M. and Lázaro-Martínez, J.L. and Alfayate-García, J.M. and Martini, J. and Petit, J.M. and Rayman, G. and Piaggesi, A.},
  journal={The Lancet Diabetes \& Endocrinology},
  volume={6},
  number={3},
  pages={186--196},
  year={2016}
}

@article{nussbaum2018,
  title={An economic evaluation of the impact, cost, and},
  author={Nussbaum, S.R. and Carter, M.J. and Fife, C.E. and DaVanzo, J. and Haught, R. and Nusgart, M. and Cartwright, D.},
  journal={Journal name needed},
  volume={Number needed},
  number={Issue number needed},
  pages={Page range needed},
  year={2018}
}

@article{krizhevsky2012,
  title={Title needed},
  author={Krizhevsky, A. and Sutskever, I. and Hinton, G.E.},
  journal={Journal name needed},
  volume={Number needed},
  number={Issue number needed},
  pages={Page range needed},
  year={2012}
}

@article{lecun2015,
  title={Deep learning},
  author={LeCun, Y. and Bengio, Y. and Hinton, G.},
  journal={Nature},
  volume={521},
  number={7553},
  pages={436--444},
  year={2015}
}

@article{rajaraman2018,
  title={Applying a deep learning algorithm to diabetic foot ulcers},
  author={Rajaraman, S. and Antani, S. and Candemir, S. and Xue, Z. and Alderson, P. and Kohli, M. and Thoma, G.},
  journal={Diabetic Foot and Ankle},
  volume={9},
  number={1},
  pages={1452513},
  year={2018}
}

@article{goyal2017,
  title={DfuNet: Convolutional Neural Networks for Diabetic Foot Ulcer Classification},
  author={Goyal, M. and Reeves, N. and Rajbhandari, S. and Yap, M.},
  journal={IEEE Transactions on Emerging Topics in Computational Intelligence},
  volume={1},
  number={4},
  pages={264--274},
  year={2017}
}

@inproceedings{he2017mask,
  title={Mask r-cnn},
  author={He, Kaiming and Gkioxari, Georgia and Doll{\'a}r, Piotr and Girshick, Ross},
  booktitle={Proceedings of the IEEE international conference on computer vision},
  pages={2961--2969},
  year={2017}
}

@incollection{rosen2022wound,
  title={Wound dehiscence},
  author={Rosen, Ryan D and Manna, Biagio},
  booktitle={StatPearls [Internet]},
  year={2022},
  publisher={StatPearls Publishing}
}

@incollection{nagle2022wound,
  title={Wound assessment},
  author={Nagle, Sean M and Stevens, Kaitlyn A and Wilbraham, Steven C},
  booktitle={StatPearls [Internet]},
  year={2022},
  publisher={StatPearls Publishing}
}

@article{edmonds2018sucrose,
  title={Sucrose octasulfate dressing versus control dressing in patients with neuroischaemic diabetic foot ulcers (Explorer): an international, multicentre, double-blind, randomised, controlled trial},
  author={Edmonds, Michael and L{\'a}zaro-Mart{\'\i}nez, Jos{\'e} Luis and Alfayate-Garc{\'\i}a, Jesus Manuel and Martini, Jacques and Petit, Jean-Michel and Rayman, Gerry and Lobmann, Ralf and Uccioli, Luigi and Sauvadet, Anne and Bohbot, Serge and others},
  journal={The Lancet Diabetes \& Endocrinology},
  volume={6},
  number={3},
  pages={186--196},
  year={2018},
  publisher={Elsevier}
}

@article{litjens2017,
  title={A survey on deep learning in medical image analysis},
  author={Litjens, Geert and Kooi, Thijs and Bejnordi, Babak Ehteshami and Setio, Arnaud Arindra Adiyoso and Ciompi, Francesco and Ghafoorian, Mohsen and van der Laak, Jeroen AWM and van Ginneken, Bram and Sánchez, Clara I},
  journal={Medical image analysis},
  volume={42},
  pages={60--88},
  year={2017},
  publisher={Elsevier}
}

@article{lundervold2019,
  title={Overview of deep learning in medical imaging},
  author={Lundervold, Arvid S and Lundervold, Alexander},
  journal={Radiological physics and technology},
  volume={12},
  number={2},
  pages={103--120},
  year={2019},
  publisher={Springer}
}

@article{esteva2019,
  title={A guide to deep learning in healthcare},
  author={Esteva, Andre and Robicquet, Alexandre and Ramsundar, Bharath and Kuleshov, Volodymyr and DePristo, Mark and Chou, Katherine and Cui, Claire and Corrado, Greg and Thrun, Sebastian and Dean, Jeff},
  journal={Nature medicine},
  volume={25},
  number={1},
  pages={24--29},
  year={2019},
  publisher={Nature Publishing Group}
}

@inproceedings{sun2023convolution,
  title={Convolution Neural Network with Coordinate Attention for Real-Time Wound Segmentation and Automatic Wound Assessment},
  author={Sun, Yi and Lou, Wenzhong and Ma, Wenlong and Zhao, Fei and Su, Zilong},
  booktitle={Healthcare},
  volume={11},
  number={9},
  pages={1205},
  year={2023},
  organization={MDPI}
}

@article{esteva2021deep,
  title={Deep learning-enabled medical computer vision},
  author={Esteva, Andre and Chou, Katherine and Yeung, Serena and Naik, Nikhil and Madani, Ali and Mottaghi, Ali and Liu, Yun and Topol, Eric and Dean, Jeff and Socher, Richard},
  journal={NPJ digital medicine},
  volume={4},
  number={1},
  pages={5},
  year={2021},
  publisher={Nature Publishing Group UK London}
}

@article{jivrik2022artificial,
  title={Artificial neural networks and computer vision in medicine and surgery},
  author={Ji{\v{r}}{\'\i}k, M and Moulisov{\'a}, V and Hlav{\'a}{\v{c}}, M and {\v{Z}}elezn{\`y}, M and Li{\v{s}}ka, V},
  journal={Rozhledy v Chirurgii: Mesicnik Ceskoslovenske Chirurgicke Spolecnosti},
  volume={101},
  number={12},
  pages={564--570},
  year={2022}
}

@article{indrakumari2021introduction,
  title={Introduction to Deep Learning},
  author={Indrakumari, R and Poongodi, T and Singh, Kiran},
  journal={Advanced Deep Learning for Engineers and Scientists: A Practical Approach},
  pages={1--22},
  year={2021},
  publisher={Springer}
}

@article{cintra2018low,
  title={Low-complexity approximate convolutional neural networks},
  author={Cintra, Renato J and Duffner, Stefan and Garcia, Christophe and Leite, Andr{\'e}},
  journal={IEEE transactions on neural networks and learning systems},
  volume={29},
  number={12},
  pages={5981--5992},
  year={2018},
  publisher={IEEE}
}

@article{dhillon2020convolutional,
  title={Convolutional neural network: a review of models, methodologies and applications to object detection},
  author={Dhillon, Anamika and Verma, Gyanendra K},
  journal={Progress in Artificial Intelligence},
  volume={9},
  number={2},
  pages={85--112},
  year={2020},
  publisher={Springer}
}

@article{li2021survey,
  title={A survey of convolutional neural networks: analysis, applications, and prospects},
  author={Li, Zewen and Liu, Fan and Yang, Wenjie and Peng, Shouheng and Zhou, Jun},
  journal={IEEE transactions on neural networks and learning systems},
  year={2021},
  publisher={IEEE}
}

@article{lucas2021wound,
  title={Wound size imaging: ready for smart assessment and monitoring},
  author={Lucas, Yves and Niri, Rania and Treuillet, Sylvie and Douzi, Hassan and Castaneda, Benjamin},
  journal={Advances in wound care},
  volume={10},
  number={11},
  pages={641--661},
  year={2021},
  publisher={Mary Ann Liebert, Inc., publishers 140 Huguenot Street, 3rd Floor New~…}
}

@article{esteva2019dermatologist,
  title={Dermatologist-level classification of skin cancer with deep neural networks},
  author={Esteva, Andre and Kuprel, Brett and Novoa, Roberto A and Ko, Justin and Swetter, Susan M and Blau, Helen M and Thrun, Sebastian},
  journal={Nature},
  volume={542},
  number={7639},
  pages={115--118},
  year={2019},
  publisher={Nature Publishing Group}
}

@article{huang2023development,
  title={Development of a deep learning-based tool to assist wound classification},
  author={Huang, Po-Hsuan and Pan, Yi-Hsiang and Luo, Ying-Sheng and Chen, Yi-Fan and Lo, Yu-Cheng and Chen, Trista Pei-Chun and Perng, Cherng-Kang},
  journal={Journal of Plastic, Reconstructive \& Aesthetic Surgery},
  volume={79},
  pages={89--97},
  year={2023},
  publisher={Elsevier}
}

@article{topol2019,
  title={High-performance medicine: the convergence of human and artificial intelligence},
  author={Topol, Eric J},
  journal={Nature Medicine},
  volume={25},
  number={1},
  pages={44--56},
  year={2019},
  publisher={Nature Publishing Group}
}

@article{rawat2017,
  title={Deep convolutional neural networks for image classification: A comprehensive review},
  author={Rawat, Waseem and Wang, Zenghui},
  journal={Neural computation},
  volume={29},
  number={9},
  pages={2352--2449},
  year={2017},
  publisher={MIT Press}
}

@inproceedings{krizhevsky2012,
  title={Imagenet classification with deep convolutional neural networks},
  author={Krizhevsky, Alex and Sutskever, Ilya and Hinton, Geoffrey E},
  booktitle={Advances in neural information processing systems},
  pages={1097--1105},
  year={2012}
}

@article{simonyan2014,
  title={Very deep convolutional networks for large-scale image recognition},
  author={Simonyan, Karen and Zisserman, Andrew},
  journal={arXiv preprint arXiv:1409.1556},
  year={2014}
}

@inproceedings{szegedy2015,
  title={Going deeper with convolutions},
  author={Szegedy, Christian and Liu, Wei and Jia, Yangqing and Sermanet, Pierre and Reed, Scott and Anguelov, Dragomir and Erhan, Dumitru and Vanhoucke, Vincent and Rabinovich, Andrew},
  booktitle={Proceedings of the IEEE conference on computer vision and pattern recognition},
  pages={1--9},
  year={2015}
}

@inproceedings{huang2017,
  title={Densely connected convolutional networks},
  author={Huang, Gao and Liu, Zhuang and Van Der Maaten, Laurens and Weinberger, Kilian Q},
  booktitle={Proceedings of the IEEE conference on computer vision and pattern recognition},
  pages={4700--4708},
  year={2017}
}

@article{tan2018,
  title={A survey on deep transfer learning},
  author={Tan, Chuanqi and Sun, Fuchun and Kong, Tao and Zhang, Wenchang and Yang, Changqing and Liu, Chun},
  journal={Artificial Intelligence Review},
  volume={52},
  number={1},
  pages={273--314},
  year={2018},
  publisher={Springer}
}

@inproceedings{yosinski2014,
  title={How transferable are features in deep neural networks?},
  author={Yosinski, Jason and Clune, Jeff and Bengio, Yoshua and Lipson, Hod},
  booktitle={Advances in neural information processing systems},
  pages={3320--3328},
  year={2014}
}

@inproceedings{gupta2022deep,
  title={Deep Learning (CNN) and Transfer Learning: A Review},
  author={Gupta, Jaya and Pathak, Sunil and Kumar, Gireesh},
  booktitle={Journal of Physics: Conference Series},
  volume={2273},
  number={1},
  pages={012029},
  year={2022},
  organization={IOP Publishing}
}

@inproceedings{cui2019diabetic,
  title={Diabetic wound segmentation using convolutional neural networks},
  author={Cui, Can and Thurnhofer-Hemsi, Karl and Soroushmehr, Reza and Mishra, Abinash and Gryak, Jonathan and Dom{\'\i}nguez, Enrique and Najarian, Kayvan and L{\'o}pez-Rubio, Ezequiel},
  booktitle={2019 41st Annual International Conference of the IEEE Engineering in Medicine and Biology Society (EMBC)},
  pages={1002--1005},
  year={2019},
  organization={IEEE}
}

@article{wang2020fully,
  title={Fully automatic wound segmentation with deep convolutional neural networks},
  author={Wang, Chuanbo and Anisuzzaman, DM and Williamson, Victor and Dhar, Mrinal Kanti and Rostami, Behrouz and Niezgoda, Jeffrey and Gopalakrishnan, Sandeep and Yu, Zeyun},
  journal={Scientific reports},
  volume={10},
  number={1},
  pages={21897},
  year={2020},
  publisher={Nature Publishing Group UK London}
}

@article{scebba2022detect,
  title={Detect-and-segment: a deep learning approach to automate wound image segmentation},
  author={Scebba, Gaetano and Zhang, Jia and Catanzaro, Sabrina and Mihai, Carina and Distler, Oliver and Berli, Martin and Karlen, Walter},
  journal={Informatics in Medicine Unlocked},
  volume={29},
  pages={100884},
  year={2022},
  publisher={Elsevier}
}

@article{anisuzzaman2022multi,
  title={Multi-modal wound classification using wound image and location by deep neural network},
  author={Anisuzzaman, DM and Patel, Yash and Rostami, Behrouz and Niezgoda, Jeffrey and Gopalakrishnan, Sandeep and Yu, Zeyun},
  journal={Scientific Reports},
  volume={12},
  number={1},
  pages={20057},
  year={2022},
  publisher={Nature Publishing Group UK London}
}

@inproceedings{szegedy2015,
    title={Going deeper with convolutions},
    author={Szegedy, Christian and Liu, Wei and Jia, Yangqing and Sermanet, Pierre and Reed, Scott and Anguelov, Dragomir and Erhan, Dumitru and Vanhoucke, Vincent and Rabinovich, Andrew},
    booktitle={Proceedings of the IEEE conference on computer vision and pattern recognition},
    pages={1--9},
    year={2015}
}

@article{freitas2017intervenccoes,
  title={Interven{\c{c}}{\~o}es de enfermagem para pacientes oncol{\'o}gicos com odor f{\'e}tido em ferida tumoral},
  author={Freitas de Castro, Maria Cristina and Santos, Willian Alves dos and Fuly, Patricia dos Santos Claro and Santos, Mauro Leonardo Salvador Caldeira dos and Ribeiro-Garcia, Telma},
  journal={Aquichan},
  volume={17},
  number={3},
  pages={243--256},
  year={2017},
  publisher={Universidad de La Sabana}
}

@article{agra2017neoplastic,
  title={Neoplastic wounds: controlling pain, exudate, odor and bleeding},
  author={Agra, Glenda and Ferreira, Thalys Maynnard Costa and do Nascimento Oliveira, Daniele Martins and Nogueira, Wynne Pereira and de Brito, D{\'e}bora Tha{\'\i}se Freires and de Oliveira, Patr{\'\i}cia Simpl{\'\i}cio and de Andrade, F{\'a}bia Let{\'\i}cia Martins and Gomes, Roseane Ferreira and de Lima, Nayda Babel Alves and Pimentel, Edlene R{\'e}gis Silva and others},
  journal={International Archives of Medicine},
  volume={10},
  year={2017}
}

@article{santos2016associaccao,
  title={Associa{\c{c}}{\~a}o entre odor, exsudato e isolamento social em pacientes com feridas neopl{\'a}sicas: um estudo transversal},
  author={Santos, Willian Alves dos},
  year={2016},
  publisher={Niter{\'o}i}
}


@article{de2023estimativa,
  title={Estimativa de incid{\^e}ncia de c{\^a}ncer no Brasil, 2023-2025},
  author={de Oliveira Santos, Marceli and de Lima, Fernanda Cristina da Silva and Martins, Lu{\'\i}s Felipe Leite and Oliveira, Julio Fernando Pinto and de Almeida, Liz Maria and de Camargo Cancela, Marianna},
  journal={Revista Brasileira de Cancerologia},
  volume={69},
  number={1},
  year={2023}
}

@article{de2015manejo,
  title={Manejo de sinais e sintomas em feridas tumorais: revis{\~a}o integrativa},
  author={de Jesus Sacramento, Carlos and dos Reis, Paula Elaine Diniz and Simino, Giovana Paula Rezende and Vasques, Christiane Inocencio},
  journal={Revista de Enfermagem do Centro-Oeste Mineiro},
  year={2015}
}

@article{akay2021deep,
  author={Akay, Metin and Du, Yong and Sershen, Cheryl L. and Wu, Minghua and Chen, Ting Y. and Assassi, Shervin and Mohan, Chandra and Akay, Yasemin M.},
  journal={IEEE Open Journal of Engineering in Medicine and Biology}, 
  title={Deep Learning Classification of Systemic Sclerosis Skin Using the MobileNetV2 Model}, 
  year={2021},
  volume={2},
  number={},
  pages={104-110},
  doi={10.1109/OJEMB.2021.3066097}
}

@article{mahbod2022automatic,
  author={Mahbod, Amirreza and Schaefer, Gerald and Ecker, Rupert and Ellinger, Isabella},
  booktitle={2022 26th International Conference on Pattern Recognition (ICPR)}, 
  title={Automatic Foot Ulcer Segmentation Using an Ensemble of Convolutional Neural Networks}, 
  year={2022},
  volume={},
  number={},
  pages={4358-4364},
  doi={10.1109/ICPR56361.2022.9956253}
}

@article{badrinarayanan2017deep,
  author={Badrinarayanan, Vijay and Kendall, Alex and Cipolla, Roberto},
  journal={IEEE Transactions on Pattern Analysis and Machine Intelligence}, 
  title={SegNet: A Deep Convolutional Encoder-Decoder Architecture for Image Segmentation}, 
  year={2017},
  volume={39},
  number={12},
  pages={2481-2495},
  doi={10.1109/TPAMI.2016.2644615}
}

@article{ronneberger2015u,
  title={U-net: Convolutional networks for biomedical image segmentation},
  author={Ronneberger, Olaf and Fischer, Philipp and Brox, Thomas},
  booktitle={Medical Image Computing and Computer-Assisted Intervention--MICCAI 2015: 18th International Conference, Munich, Germany, October 5-9, 2015, Proceedings, Part III 18},
  pages={234--241},
  year={2015},
  organization={Springer}
}

@article{long2015fully,
  title={Fully convolutional networks for semantic segmentation},
  author={Long, Jonathan and Shelhamer, Evan and Darrell, Trevor},
  booktitle={Proceedings of the IEEE conference on computer vision and pattern recognition},
  pages={3431--3440},
  year={2015}
}

